<record><leader>00000cas a22000007a 4500</leader><controlfield tag="001">14367043</controlfield><controlfield tag="008">861009d18821882inudn ne      0    0eng d</controlfield><datafield ind1=" " ind2=" " tag="010"><subfield code="a">sn 86058841 </subfield></datafield><datafield ind1=" " ind2=" " tag="040"><subfield code="a">NPI</subfield><subfield code="b">eng</subfield><subfield code="c">NPI</subfield><subfield code="d">OCLCQ</subfield></datafield><datafield ind1=" " ind2=" " tag="042"><subfield code="a">msc</subfield></datafield><datafield ind1="0" ind2=" " tag="130"><subfield code="a">Decatur daily news (Decatur, Ind.)</subfield></datafield><datafield ind1="1" ind2="0" tag="245"><subfield code="a">Decatur daily news.</subfield></datafield><datafield ind1=" " ind2=" " tag="260"><subfield code="a">Decatur, Ind. :</subfield><subfield code="b">Daily News Co.,</subfield><subfield code="c">1882.</subfield></datafield><datafield ind1=" " ind2=" " tag="300"><subfield code="a">1 v.</subfield></datafield><datafield ind1=" " ind2=" " tag="310"><subfield code="a">Daily (except Sun.)</subfield></datafield><datafield ind1="0" ind2=" " tag="362"><subfield code="a">Vol. 1, no. 1 (Dec. 4, 1882)-v. 1, no. 23 (Dec. 30, 1882).</subfield></datafield><datafield ind1=" " ind2=" " tag="752"><subfield code="a">United States</subfield><subfield code="b">Indiana</subfield><subfield code="c">Adams</subfield><subfield code="d">Decatur.</subfield></datafield></record>